@Article{Huber:2006vr,
     author    = "Huber, P. and Kopp, Joachim and Lindner, M. and Rolinec, M.
                  and Winter, W.",
     title     = "From Double Chooz to Triple Chooz: Neutrino physics at the
                  Chooz  reactor complex",
     journal   = "JHEP",
     volume    = "05",
     year      = "2006",
     pages     = "072",
     eprint    = "hep-ph/0601266",
     SLACcitation  = "%%CITATION = HEP-PH 0601266;%%"
}

@Article{Huber:2003pm,
     author    = "Huber, Patrick and Lindner, M. and Schwetz, T. and Winter,
                  W.",
     title     = "Reactor neutrino experiments compared to superbeams",
     journal   = "Nucl. Phys.",
     volume    = "B665",
     year      = "2003",
     pages     = "487-519",
     eprint    = "hep-ph/0303232",
     SLACcitation  = "%%CITATION = HEP-PH 0303232;%%"
}

@Article{Blennow:2005yk,
     author    = "Blennow, Mattias and Ohlsson, Tommy and Winter, Walter",
     title     = "Damping signatures in future neutrino oscillation
                  experiments",
     journal   = "JHEP",
     volume    = "06",
     year      = "2005",
     pages     = "049",
     eprint    = "hep-ph/0502147",
     SLACcitation  = "%%CITATION = HEP-PH 0502147;%%"
}