@Article{Huber:2007ji,
     author    = "Huber, Patrick and Kopp, Joachim and Lindner, Manfred and
                  Rolinec, Mark and Winter, Walter",
     title     = "{New features in the simulation of neutrino oscillation
                  experiments with GLoBES 3.0}",
     journal   = "Comput. Phys. Commun.",
     volume    = "177",
     year      = "2007",
     pages     = "432-438",
     eprint    = "hep-ph/0701187",
     SLACcitation  = "%%CITATION = HEP-PH/0701187;%%"
}

@Article{Huber:2004ka,
     author    = "Huber, Patrick and Lindner, M. and Winter, W.",
     title     = "{Simulation of long-baseline neutrino oscillation
                  experiments with  GLoBES}",
     journal   = "Comput. Phys. Commun.",
     volume    = "167",
     year      = "2005",
     pages     = "195",
     eprint    = "hep-ph/0407333",
     SLACcitation  = "%%CITATION = HEP-PH 0407333;%%"
}


