@Article{deGouvea:2005mi,
     author    = "de Gouvea, Andre and Winter, Walter",
     title     = "What would it take to determine the neutrino mass hierarchy
                  if theta(13) were too small?",
     journal   = "Phys. Rev.",
     volume    = "D73",
     year      = "2006",
     pages     = "033003",
     eprint    = "hep-ph/0509359",
     SLACcitation  = "%%CITATION = HEP-PH 0509359;%%"
}

@Article{Barger:2001yr,
     author    = "Barger, V. and Marfatia, D. and Whisnant, K.",
     title     = "Breaking eight-fold degeneracies in neutrino CP violation,
                  mixing, and  mass hierarchy",
     journal   = "Phys. Rev.",
     volume    = "D65",
     year      = "2002",
     pages     = "073023",
     eprint    = "hep-ph/0112119",
     SLACcitation  = "%%CITATION = HEP-PH 0112119;%%"
}