@Article{Kopp:2006wp,
     author    = "Kopp, Joachim",
     title     = "{Efficient numerical diagonalization of hermitian $3 \times 3$
                  matrices}",
     journal   = "Int. J. Mod. Phys.",
     volume    = "C19",
     year      = "2008",
     pages     = "523-548",
     eprint    = "physics/0610206",
     archivePrefix = "arXiv",
     doi       = "10.1142/S0129183108012303",
     SLACcitation  = "%%CITATION = PHYSICS/0610206;%%",
     note      = "Erratum ibid.\ {\bf C19} (2008) 845",
     keywords     = "Numerical analysis",
     memo         = "",
}

@Article{Kopp:2007ne,
     author    = "Kopp, Joachim and Lindner, Manfred and Ota, Toshihiko and
                  Sato, Joe",
     title     = "{Non-standard neutrino interactions in reactor and
                  superbeam experiments}",
     journal   = "Phys. Rev.",
     volume    = "D77",
     year      = "2008",
     pages     = "013007",
     eprint    = "0708.0152",
     archivePrefix = "arXiv",
     primaryClass  =  "hep-ph",
     doi       = "10.1103/PhysRevD.77.013007",
     SLACcitation  = "%%CITATION = 0708.0152;%%",
     keywords  = "Non-standard neutrino interactions, Neutrino superbeams,
                  Reactor neutrinos",
     memo      = "",
}

@Article{Blennow:2009pk,
     author    = "Blennow, Mattias and Fernandez-Martinez, Enrique",
     title     = "{Neutrino oscillation parameter sampling with MonteCUBES}",
     journal   = "Comput. Phys. Commun.",
     volume    = "181",
     year      = "2010",
     pages     = "227-231",
     eprint    = "0903.3985",
     archivePrefix = "arXiv",
     primaryClass  =  "hep-ph",
     doi       = "10.1016/j.cpc.2009.09.014",
     keywords  = "Simulations",
     memo      = "GLoBES plugins for Markov Chain Monte Carlo (MCMC) based
       minimization in high dimensional parameter spaces, non-unitary lepton
       mixing matrix, non-standard interactions, and externally specifying
       the ``true'' data.",
}

