
@Article{globes_paper,
     author    = "Huber, Patrick and Lindner, M. and Winter, W.",
     title     = "Simulation of long-baseline neutrino oscillation
                  experiments with {GLoBES}",
     journal   = "Comput. Phys. Commun.",
     volume    = "167",
     year      = "2005",
     pages     = "195",
     eprint    = "hep-ph/0407333",
     SLACcitation  = "%%CITATION = HEP-PH 0407333;%%"
}

@Article{globes_paper_two,
     author    = "Huber, Patrick and Kopp, Joachim and Lindner, Manfred and
                  Rolinec, Mark and Winter, Walter",
     title     = "{New features in the simulation of neutrino oscillation
                  experiments with GLoBES 3.0}",
     journal   = "Comput. Phys. Commun.",
     volume    = "177",
     year      = "2007",
     pages     = "432-438",
     eprint    = "hep-ph/0701187",
     archivePrefix = "arXiv",
     doi       = "10.1016/j.cpc.2007.05.004",
     SLACcitation  = "%%CITATION = HEP-PH/0701187;%%"
}

@Article{Ohlsson:1999um,
     author    = "Ohlsson, Tommy and Snellman, Hakan",
     title     = "Neutrino oscillations with three flavors in matter:
                  Applications to  neutrinos traversing the earth",
     journal   = "Phys. Lett.",
     volume    = "B474",
     year      = "2000",
     pages     = "153-162",
     eprint    = "hep-ph/9912295",
     note      = "Erratum ibidem {\bf B480}, 419(E) (2000)",
     SLACcitation  = "%%CITATION = HEP-PH 9912295;%%"
}


@Book{Brent:1973,
  author = 	 {Brent, Richard P.},
  title = 	 {Algorithms for minimization without derivatives},
  publisher = 	 {Prentice-Hall},
  year = 	 {1973},
}

@Article{Barger:2002xk,
     author    = "Barger, V. and Marfatia, D. and Whisnant, K.",
     title     = "How two neutrino superbeam experiments do better than one",
     journal   = "Phys. Lett.",
     volume    = "B560",
     year      = "2003",
     pages     = "75-86",
     eprint    = "hep-ph/0210428",
     SLACcitation  = "%%CITATION = HEP-PH 0210428;%%"
}

@Article{Huber:2002rs,
     author    = "Huber, P. and Lindner, M. and Winter, W.",
     title     = "Synergies between the first-generation {JHF-SK} and {NuMI}
                  superbeam  experiments",
     journal   = "Nucl. Phys.",
     volume    = "B654",
     year      = "2003",
     pages     = "3-29",
     eprint    = "hep-ph/0211300",
     SLACcitation  = "%%CITATION = HEP-PH 0211300;%%"
}

@Article{Minakata:2001qm,
     author    = "Minakata, Hisakazu and Nunokawa, Hiroshi",
     title     = "Exploring neutrino mixing with low energy superbeams",
     journal   = "JHEP",
     volume    = "10",
     year      = "2001",
     pages     = "001",
     archive   = "http://arXiv.org/abs",
     eprint    = "hep-ph/0108085",
     SLACcitation  = "%%CITATION = HEP-PH 0108085;%%"
}


@Article{Ayres:2002nm,
     author    = "Ayres, D. and others",
     title     = "Letter of intent to build an off-axis detector to study
                  nu/mu --> nu/e  oscillations with the NuMI neutrino beam",
     archive   = "http://arXiv.org/abs",
     eprint    = "hep-ex/0210005",
     SLACcitation  = "%%CITATION = HEP-EX 0210005;%%"
}

@Article{Minakata:2002jv,
     author    = "Minakata, H. and Sugiyama, H. and Yasuda, O. and Inoue, K.
                  and Suekane, F.",
     title     = "Reactor measurement of Theta(13) and its complementarity to
                  long-baseline experiments",
     journal   = "Phys. Rev.",
     volume    = "D68",
     year      = "2003",
     pages     = "033017",
     eprint    = "hep-ph/0211111",
     SLACcitation  = "%%CITATION = HEP-PH 0211111;%%"
}

@Article{Huber:2003pm,
     author    = "Huber, P. and Lindner, M. and Schwetz, T. and Winter, W.",
     title     = "Reactor neutrino experiments compared to superbeams",
     journal   = "Nucl. Phys.",
     volume    = "B665",
     year      = "2003",
     pages     = "487-519",
     eprint    = "hep-ph/0303232",
     SLACcitation  = "%%CITATION = HEP-PH 0303232;%%"
}

@Article{Itow:2001ee,
  author =	 "Itow, Y. and others",
  title =	 "The JHF-Kamioka neutrino project",
  year =	 "2001",
  archive =	 "http://arXiv.org/abs",
  eprint =	 "hep-ex/0106019",
  SLACcitation = "%%CITATION = HEP-EX 0106019;%%",
  journal =	 "Nucl. Phys. Proc. Suppl.",
  volume =	 "111",
  pages =	 "146-151",
  journalyear =	 "2002",
  SLACcitation = "%%CITATION = NUPHZ,111,146;%%"
}

@Article{Huber:2002mx,
     author    = "Huber, Patrick and Lindner, Manfred and Winter, Walter",
     title     = "Superbeams versus neutrino factories",
     journal   = "Nucl. Phys.",
     volume    = "B645",
     year      = "2002",
     pages     = "3-48",
     eprint    = "hep-ph/0204352",
     SLACcitation  = "%%CITATION = HEP-PH 0204352;%%"
}

@Article{Ohlsson:2003ip,
     author    = "Ohlsson, Tommy and Winter, Walter",
     title     = "The role of matter density uncertainties in the analysis of
                  future neutrino factory experiments",
     journal   = "Phys. Rev.",
     volume    = "D68",
     year      = "2003",
     pages     = "073007",
     eprint    = "hep-ph/0307178",
     SLACcitation  = "%%CITATION = HEP-PH 0307178;%%"
}


@Article{Burguet-Castell:2001ez,
  author =	 "Burguet-Castell, J. and Gavela, M. B. and
                  Gomez-Cadenas, J. J. and Hernandez, P. and Mena, O.",
  title =	 "On the measurement of leptonic CP violation",
  journal =	 "Nucl. Phys.",
  volume =	 "B608",
  year =	 "2001",
  pages =	 "301-318",
  archive =	 "http://arXiv.org/abs",
  eprint =	 "hep-ph/0103258",
  SLACcitation = "%%CITATION = HEP-PH 0103258;%%",
  SLACcitation = "%%CITATION = HEP-PH 0103024;%%"
}

@Article{Fogli:1996pv,
  author =	 "Fogli, Gian Luigi and Lisi, E.",
  title =	 "Tests of three-flavor mixing in long-baseline
                  neutrino oscillation experiments",
  journal =	 "Phys. Rev.",
  volume =	 "D54",
  year =	 "1996",
  pages =	 "3667-3670",
  eprint =	 "hep-ph/9604415",
  SLACcitation = "%%CITATION = HEP-PH 9604415;%%",
  journalyear =	 "2003",
  SLACcitation = "%%CITATION = HEP-PH 0301210;%%"
}

@Article{Barger:2001yr,
  author =	 "Barger, V. and Marfatia, D. and Whisnant, K.",
  title =	 "Breaking eight-fold degeneracies in neutrino CP
                  violation, mixing, and mass hierarchy",
  journal =	 "Phys. Rev.",
  volume =	 "D65",
  year =	 "2002",
  pages =	 "073023",
  archive =	 "http://arXiv.org/abs",
  eprint =	 "hep-ph/0112119",
  SLACcitation = "%%CITATION = HEP-PH 0112119;%%",
  SLACcitation = "%%CITATION = JHEPA,0204,007;%%"
}

@Article{Barger:2000hy,
     author    = "Barger, Vernon D. and Marfatia, Danny and Wood, Benjamin P.
                  ",
     title     = "Resolving the solar neutrino problem with KamLAND",
     journal   = "Phys. Lett.",
     volume    = "B498",
     year      = "2001",
     pages     = "53-61",
     eprint    = "hep-ph/0011251",
     SLACcitation  = "%%CITATION = HEP-PH 0011251;%%"
}

@Article{Gonzalez-Garcia:2001zy,
  author =	 "Gonzalez-Garcia, M. C. and
                  Pe$\tilde{\mathrm{n}}$a-Garay, C.",
  title =	 "On the effect of theta(13) on the determination of
                  solar oscillation parameters at KamLAND",
  journal =	 "Phys. Lett.",
  volume =	 "B527",
  year =	 "2002",
  pages =	 "199-205",
  archive =	 "http://arXiv.org/abs",
  eprint =	 "hep-ph/0111432",
  SLACcitation = "%%CITATION = HEP-PH 0111432;%%",
  SLACcitation = "%%CITATION = PHRVA,D64,113011;%%"
}

@Article{Minakata:2003jj,
     author    = "Minakata, Hisakazu and Nunokawa, Hiroshi and Parke, Stephen
                  ",
     title     = "CP and T violation in neutrino oscillations",
     journal   = "AIP Conf. Proc.",
     volume    = "670",
     year      = "2003",
     pages     = "132-139",
     eprint    = "hep-ph/0306221",
     SLACcitation  = "%%CITATION = HEP-PH 0306221;%%"
}

@Article{Minakata:2003ca,
     author    = "Minakata, Hisakazu and Nunokawa, Hiroshi and Parke, Stephen",
     title     = "The complementarity of eastern and western hemisphere long-
                  baseline  neutrino oscillation experiments",
     journal   = "Phys. Rev.",
     volume    = "D68",
     year      = "2003",
     pages     = "013010",
     eprint    = "hep-ph/0301210",
     SLACcitation  = "%%CITATION = HEP-PH 0301210;%%"
}

@Article{Minakata:2002qi,
     author    = "Minakata, Hisakazu and Nunokawa, Hiroshi and Parke, Stephen
                  ",
     title     = "Parameter degeneracies in neutrino oscillation measurement
                  of leptonic  CP and T violation",
     journal   = "Phys. Rev.",
     volume    = "D66",
     year      = "2002",
     pages     = "093012",
     eprint    = "hep-ph/0208163",
     SLACcitation  = "%%CITATION = HEP-PH 0208163;%%"
}

@Article{Minakata:2002qe,
     author    = "Minakata, Hisakazu and Nunokawa, Hiroshi and Parke, Stephen
                  ",
     title     = "CP and T trajectory diagrams for a unified graphical
                  representation of  neutrino oscillations",
     journal   = "Phys. Lett.",
     volume    = "B537",
     year      = "2002",
     pages     = "249-255",
     eprint    = "hep-ph/0204171",
     SLACcitation  = "%%CITATION = HEP-PH 0204171;%%"
}

@Article{Minakata:2001rj,
     author    = "Minakata, Hisakazu and Nunokawa, Hiroshi",
     title     = "CP trajectory diagram: A tool for pictorial representation
                  of CP and  matter effects in neutrino oscillations",
     journal   = "Nucl. Instrum. Meth.",
     volume    = "A503",
     year      = "2001",
     pages     = "218-221",
     eprint    = "hep-ph/0111130",
     SLACcitation  = "%%CITATION = HEP-PH 0111130;%%"
}

@Article{Cervera:2000kp,
     author    = "Cervera, A. and others",
     title     = "Golden measurements at a neutrino factory",
     journal   = "Nucl. Phys.",
     volume    = "B579",
     year      = "2000",
     pages     = "17-55",
     eprint    = "hep-ph/0002108",
     SLACcitation  = "%%CITATION = HEP-PH 0002108;%%"
}

@Article{Freund:2000ti,
     author    = "Freund, M. and Huber, P. and Lindner, M.",
     title     = "Extracting matter effects, masses and mixings at a neutrino
                  factory",
     journal   = "Nucl. Phys.",
     volume    = "B585",
     year      = "2000",
     pages     = "105-123",
     eprint    = "hep-ph/0004085",
     SLACcitation  = "%%CITATION = HEP-PH 0004085;%%"
}

@Article{Freund:2001pn,
     author    = "Freund, Martin",
     title     = "Analytic approximations for three neutrino oscillation
                  parameters and  probabilities in matter",
     journal   = "Phys. Rev.",
     volume    = "D64",
     year      = "2001",
     pages     = "053003",
     eprint    = "hep-ph/0103300",
     SLACcitation  = "%%CITATION = HEP-PH 0103300;%%"
}

@Article{Ahmed:2003kj,
     author    = "Ahmed, S. N. and others",
 collaboration = "SNO",
     title     = "Measurement of the total active B-8 solar neutrino flux at
                  the Sudbury Neutrino Observatory with enhanced neutral
                  current sensitivity",
     eprint    = "nucl-ex/0309004",
     SLACcitation  = "%%CITATION = NUCL-EX 0309004;%%"
}

@Article{Ahmad:2001an,
     author    = "Ahmad, Q. R. and others",
 collaboration = "SNO Collaboration",
     title     = "Measurement of the charged current interactions produced by
                  B-8  solar neutrinos at the Sudbury Neutrino Observatory",
     journal   = "Phys. Rev. Lett.",
     volume    = "87",
     year      = "2001",
     pages     = "071301",
     eprint    = "nucl-ex/0106015",
     SLACcitation  = "%%CITATION = NUCL-EX 0106015;%%"
}

@Article{Ahmad:2002jz,
     author    = "Ahmad, Q. R. and others",
 collaboration = "SNO Collaboration",
     title     = "Direct evidence for neutrino flavor transformation from
                  neutral-current  interactions in the Sudbury Neutrino
                  Observatory",
     journal   = "Phys. Rev. Lett.",
     volume    = "89",
     year      = "2002",
     pages     = "011301",
     eprint    = "nucl-ex/0204008",
     SLACcitation  = "%%CITATION = NUCL-EX 0204008;%%"
}

@Article{Fukuda:1998mi,
     author    = "Fukuda, Y. and others",
 collaboration = "Super-Kamiokande Collaboration",
     title     = "Evidence for oscillation of atmospheric neutrinos",
     journal   = "Phys. Rev. Lett.",
     volume    = "81",
     year      = "1998",
     pages     = "1562-1567",
     eprint    = "hep-ex/9807003",
     SLACcitation  = "%%CITATION = HEP-EX 9807003;%%"
}

@Article{Fukuda:1998ah,
     author    = "Fukuda, Y. and others",
 collaboration = "Super-Kamiokande Collaboration",
     title     = "Measurement of the flux and zenith-angle distribution of
                  upward  through-going muons by Super-Kamiokande",
     journal   = "Phys. Rev. Lett.",
     volume    = "82",
     year      = "1999",
     pages     = "2644-2648",
     eprint    = "hep-ex/9812014",
     SLACcitation  = "%%CITATION = HEP-EX 9812014;%%"
}

@Article{Toshito:2001dk,
     author    = "Toshito, Toshiyuki",
 collaboration = "Super-Kamiokande",
     title     = "Super-Kamiokande atmospheric neutrino results",
     eprint    = "hep-ex/0105023",
     SLACcitation  = "%%CITATION = HEP-EX 0105023;%%"
}


@Article{Eguchi:2002dm,
     author    = "Eguchi, K. and others",
 collaboration = "KamLAND Collaboration",
     title     = "First results from KamLAND: Evidence for reactor anti-
                  neutrino  disappearance",
     journal   = "Phys. Rev. Lett.",
     volume    = "90",
     year      = "2003",
     pages     = "021802",
     eprint    = "hep-ex/0212021",
     SLACcitation  = "%%CITATION = HEP-EX 0212021;%%"
}

@Article{Apollonio:1999ae,
     author    = "Apollonio, M. and others",
 collaboration = "CHOOZ Collaboration",
     title     = "Limits on neutrino oscillations from the CHOOZ experiment",
     journal   = "Phys. Lett.",
     volume    = "B466",
     year      = "1999",
     pages     = "415-430",
     eprint    = "hep-ex/9907037",
     SLACcitation  = "%%CITATION = HEP-EX 9907037;%%"
}

@Article{Apollonio:2002gd,
     author    = "Apollonio, M. and others",
 collaboration = "CHOOZ Collaboration",
     title     = "Search for neutrino oscillations on a long base-line at the
                  CHOOZ  nuclear power station",
     journal   = "Eur. Phys. J.",
     volume    = "C27",
     year      = "2003",
     pages     = "331-374",
     eprint    = "hep-ex/0301017",
     SLACcitation  = "%%CITATION = HEP-EX 0301017;%%"
}

@Article{Duchesneau:2002yq,
     author    = "Duchesneau, D.",
 collaboration = "OPERA",
     title     = "The CERN - Gran Sasso neutrino program",
     journal   = "eConf",
     volume    = "C0209101",
     year      = "2002",
     pages     = "TH09",
     eprint    = "hep-ex/0209082",
     SLACcitation  = "%%CITATION = HEP-EX 0209082;%%"
}

@Article{Nakamura:2001tr,
     author    = "Nakamura, K.",
 collaboration = "K2K Collaboration",
     title     = "Status of K2K",
     journal   = "Nucl. Phys. Proc. Suppl.",
     volume    = "91",
     year      = "2001",
     pages     = "203-209",
     SLACcitation  = "%%CITATION = NUPHZ,91,203;%%"
}

@Article{Paolone:2001am,
     author    = "Paolone, V.",
 collaboration = "MINOS Collaboration",
     title     = "Status of the MINOS experiment",
     journal   = "Nucl. Phys. Proc. Suppl.",
     volume    = "100",
     year      = "2001",
     pages     = "197-199",
     SLACcitation  = "%%CITATION = NUPHZ,100,197;%%"
}

@Article{Beavis:2002ye,
     author    = "Beavis, D. and others",
     title     = "Neutrino oscillation experiments for precise measurements
                  of  oscillation parameters and search for $\nu_\mu 
\rightarrow \nu_e$
                  appearance and {CP}  violation",
     eprint    = "hep-ex/0205040",
     SLACcitation  = "%%CITATION = HEP-EX 0205040;%%"
}

@Article{Apollonio:2002en,
     author    = "Apollonio, M. and others",
     title     = "Oscillation physics with a neutrino factory",
     archive   = "http://arXiv.org/abs",
     eprint    = "hep-ph/0210192",
     note      = "{and references therein}",
     SLACcitation  = "%%CITATION = HEP-PH 0210192;%%"
}

@Article{Martemyanov:2002td,
  author =	 "Martemyanov, V. and Mikaelyan, L. and Sinev, V. and
                  Kopeikin, V. and Kozlov, Yu.",
  title =	 "The Kr2Det project: Search for mass-3 state
                  contribution |U(e3)|**2 to the electron neutrino
                  using a one reactor - two detector oscillation
                  experiment at Krasnoyarsk underground site",
  eprint =	 "hep-ex/0211070",
  SLACcitation = "%%CITATION = HEP-EX 0211070;%%"
}

@Article{Shaevitz:2003ws,
     author    = "Shaevitz, M. H. and Link, J. M.",
     title     = "Using reactors to measure theta(13)",
     eprint    = "hep-ex/0306031",
     SLACcitation  = "%%CITATION = HEP-EX 0306031;%%"
}

@Article{Wang:2001ys,
     author    = "Wang, Y. F. and Whisnant, K. and Xiong, Zhao-hua and Yang,
                  Jin Min and Young, Bing-Lin",
 collaboration = "VLBL Study Group H2B-4",
     title     = "Probing neutrino oscillations jointly in long and very long
                  baseline  experiments",
     journal   = "Phys. Rev.",
     volume    = "D65",
     year      = "2002",
     pages     = "073021",
     eprint    = "hep-ph/0111317",
     SLACcitation  = "%%CITATION = HEP-PH 0111317;%%"
}

@Article{Whisnant:2002fx,
     author    = "Whisnant, K. and Yang, Jin Min and Young, Bing-Lin",
     title     = "Measuring CP violation and mass ordering in joint long
                  baseline  experiments with superbeams",
     journal   = "Phys. Rev.",
     volume    = "D67",
     year      = "2003",
     pages     = "013004",
     eprint    = "hep-ph/0208193",
     SLACcitation  = "%%CITATION = HEP-PH 0208193;%%"
}

@Article{Barger:2002rr,
     author    = "Barger, V. and Marfatia, D. and Whisnant, K.",
     title     = "Off-axis beams and detector clusters: Resolving neutrino
                  parameter  degeneracies",
     journal   = "Phys. Rev.",
     volume    = "D66",
     year      = "2002",
     pages     = "053007",
     eprint    = "hep-ph/0206038",
     SLACcitation  = "%%CITATION = HEP-PH 0206038;%%"
}

@Article{Winter:2003st,
     author    = "Winter, Walter",
     title     = "Resolving degeneracies for different values of theta(13)",
     eprint    = "hep-ph/0308227",
     SLACcitation  = "%%CITATION = HEP-PH 0308227;%%"
}

@Article{Minakata:2003ma,
     author    = "Minakata, Hisakazu and Nunokawa, Hiroshi and Parke, Stephen
                  ",
     title     = "Long Baseline Neutrino Oscillations: Parameter Degeneracies
                  and JHF/NuMI Complementarity",
     eprint    = "hep-ph/0310023",
     SLACcitation  = "%%CITATION = HEP-PH 0310023;%%"
}

@Article{Maltoni:2002aw,
     author    = "Maltoni, M. and Schwetz, T. and Valle, J. W. F.",
     title     = "Combining first KamLAND results with solar neutrino data",
     journal   = "Phys. Rev.",
     volume    = "D67",
     year      = "2003",
     pages     = "093003",
     eprint    = "hep-ph/0212129",
     SLACcitation  = "%%CITATION = HEP-PH 0212129;%%"
}

@Article{Maltoni:2003da,
     author    = "Maltoni, M. and Schwetz, T. and Tortola, M. A. and Valle,
                  J. W. F.",
     title     = "Status of three-neutrino oscillations after the SNO-salt
                  data",
     eprint    = "hep-ph/0309130",
     SLACcitation  = "%%CITATION = HEP-PH 0309130;%%"
}


@Article{Migliozzi:2003pw,
     author    = "Migliozzi, P. and Terranova, F.",
     title     = "Next generation long baseline experiments on the path to
                  leptonic CP  violation",
     journal   = "Phys. Lett.",
     volume    = "B563",
     year      = "2003",
     pages     = "73-82",
     eprint    = "hep-ph/0302274",
     SLACcitation  = "%%CITATION = HEP-PH 0302274;%%"
}

@Article{Minakata:2003wq,
     author    = "Minakata, Hisakazu and Sugiyama, Hiroaki",
     title     = "Exploring leptonic CP violation by reactor and neutrino
                  superbeam experiments",
     eprint    = "hep-ph/0309323",
     SLACcitation  = "%%CITATION = HEP-PH 0309323;%%"
}

@Article{Burguet-Castell:2002qx,
     author    = "Burguet-Castell, J. and Gavela, M. B. and Gomez-Cadenas, J.
                  J. and Hernandez, P. and Mena, O.",
     title     = "Superbeams plus neutrino factory: The golden path to
                  leptonic CP  violation",
     journal   = "Nucl. Phys.",
     volume    = "B646",
     year      = "2002",
     pages     = "301-320",
     eprint    = "hep-ph/0207080",
     SLACcitation  = "%%CITATION = HEP-PH 0207080;%%"
}

@Article{Donini:2002rm,
     author    = "Donini, A. and Meloni, D. and Migliozzi, P.",
     title     = "The silver channel at the neutrino factory",
     journal   = "Nucl. Phys.",
     volume    = "B646",
     year      = "2002",
     pages     = "321-349",
     eprint    = "hep-ph/0206034",
     SLACcitation  = "%%CITATION = HEP-PH 0206034;%%"
}

@Article{Asratyan:2003dp,
     author    = "Asratyan, A. and others",
     title     = "Neutrino superbeams and the magic baseline",
     eprint    = "hep-ex/0303023",
     SLACcitation  = "%%CITATION = HEP-EX 0303023;%%"
}


@Article{Huber:2003ak,
     author    = "Huber, Patrick and Winter, Walter",
     title     = "Neutrino factories and the 'magic' baseline",
     journal   = "Phys. Rev.",
     volume    = "D68",
     year      = "2003",
     pages     = "037301",
     eprint    = "hep-ph/0301257",
     SLACcitation  = "%%CITATION = HEP-PH 0301257;%%"
}

@Book{NRC,
  author = 	 {Press, W. H. and Teukolsky, S. A. and Vetterling, W. T.
                   and Flannery, B. P.},

  title = 	 {Numerical Recipes in C},
  publisher = 	 {Cambridge University Press},
  year = 	 {1995},
  OPTkey = 	 {},
  OPTvolume = 	 {},
  OPTnumber = 	 {},
  OPTseries = 	 {},
  OPTaddress = 	 {},
  OPTedition = 	 {},
  OPTmonth = 	 {},
  OPTnote = 	 {},
  OPTannote = 	 {}
}

@Article{Fogli:2002pt,
     author    = "Fogli, G. L. and Lisi, E. and Marrone, A. and Montanino, D.
                  and Palazzo, A.",
     title     = "Getting the most from the statistical analysis of solar
                  neutrino  oscillations",
     journal   = "Phys. Rev.",
     volume    = "D66",
     year      = "2002",
     pages     = "053010",
     eprint    = "hep-ph/0206162",
     SLACcitation  = "%%CITATION = HEP-PH 0206162;%%"
}

@Article{Rybicki,
  author = 	 {Rybicki, G. B.},
  title = 	 {},
  journal = 	 {Computers in Physics},
  year = 	 {1989},
  OPTkey = 	 {},
  volume = 	 {3},
  number = 	 {2},
  pages = 	 {85-87},
  OPTmonth = 	 {},
  OPTnote = 	 {},
  OPTannote = 	 {}
}



@Book{Stacey,
  author = 	 {Stacey, F. D.},
  title = 	 {Physics of the Earth},
  publisher = 	 {Wiley},
  year = 	 {1977},
  OPTkey = 	 {},
  OPTvolume = 	 {},
  OPTnumber = 	 {},
  OPTseries = 	 {},
  OPTaddress = 	 {},
  edition = 	 {2nd},
  OPTmonth = 	 {},
  OPTnote = 	 {},
  OPTannote = 	 {}
}

@Article{Kiers:1996zj,
     author    = "Kiers, Ken and Nussinov, Shmuel and Weiss, Nathan",
     title     = "Coherence effects in neutrino oscillations",
     journal   = "Phys. Rev.",
     volume    = "D53",
     year      = "1996",
     pages     = "537-547",
     eprint    = "hep-ph/9506271",
     SLACcitation  = "%%CITATION = HEP-PH 9506271;%%"
}

@Article{Giunti:2003ax,
     author    = "Giunti, C.",
     title     = "Coherence and wave packets in neutrino oscillations",
     journal   = "Found. Phys. Lett.",
     volume    = "17",
     year      = "2004",
     pages     = "103-124",
     eprint    = "hep-ph/0302026",
     SLACcitation  = "%%CITATION = HEP-PH 0302026;%%"
}

@Article{Huber:2004ug,
     author    = "Huber, P. and Lindner, M. and Rolinec, M. and Schwetz, T.
                  and Winter, W.",
     title     = "Prospects of accelerator and reactor neutrino oscillation
                  experiments for the coming ten years",
     year      = "2004",
     eprint    = "hep-ph/0403068",
     SLACcitation  = "%%CITATION = HEP-PH 0403068;%%"
}


@Article{Huber:2006vr,
     author    = "Huber, P. and Kopp, Joachim and Lindner, M. and Rolinec, M.
                  and Winter, W.",
     title     = "From Double Chooz to Triple Chooz: Neutrino physics at the
                  Chooz  reactor complex",
     journal   = "JHEP",
     volume    = "05",
     year      = "2006",
     pages     = "072",
     eprint    = "hep-ph/0601266",
     SLACcitation  = "%%CITATION = HEP-PH 0601266;%%"
}

@Article{Blennow:2005yk,
     author    = "Blennow, Mattias and Ohlsson, Tommy and Winter, Walter",
     title     = "Damping signatures in future neutrino oscillation
                  experiments",
     journal   = "JHEP",
     volume    = "06",
     year      = "2005",
     pages     = "049",
     eprint    = "hep-ph/0502147",
     SLACcitation  = "%%CITATION = HEP-PH 0502147;%%"
}

@Article{Huber:2005jk,
     author    = "Huber, P. and Lindner, M. and Rolinec, M. and Winter, W.",
     title     = "Physics and optimization of beta-beams: From low to very
                  high gamma",
     journal   = "Phys. Rev.",
     volume    = "D73",
     year      = "2006",
     pages     = "053002",
     eprint    = "hep-ph/0506237",
     SLACcitation  = "%%CITATION = HEP-PH 0506237;%%"
}

@Article{Ishitsuka:2005qi,
     author    = "Ishitsuka, Masaki and Kajita, Takaaki and Minakata,
                  Hisakazu and Nunokawa, Hiroshi",
     title     = "Resolving neutrino mass hierarchy and CP degeneracy by two
                  identical  detectors with different baselines",
     journal   = "Phys. Rev.",
     volume    = "D72",
     year      = "2005",
     pages     = "033003",
     eprint    = "hep-ph/0504026",
     SLACcitation  = "%%CITATION = HEP-PH 0504026;%%"
}

@Article{Ambats:2004js,
  author    = "Ambats, I. and others",
  collaboration = "NOvA",
  title     = "NOvA proposal to build a 30-kiloton off-axis detector to
               study neutrino oscillations in the Fermilab NuMI beamline",
  year      = "2004",
  eprint    = "hep-ex/0503053",
  SLACcitation  = "%%CITATION = HEP-EX 0503053;%%"
}

@Article{Yang_2004,
  author    = "T. Yang and S. Woijcicki",
  collaboration = "NOvA",
  title     = "Study of physics sensitivity of $\nu_\mu$ disappearance in 
               a totally active version of NoVA detector", 
  year      = "2004",
  eprint    = "Off-Axis-Note-SIM-30"
}

@Article{Campagne:2006yx,
     author    = "Campagne, J. E. and Maltoni, M. and Mezzetto, M. and
                  Schwetz, T.",
     title     = "Physics potential of the CERN-MEMPHYS neutrino oscillation
                  project",
     year      = "2006",
     eprint    = "hep-ph/0603172",
     SLACcitation  = "%%CITATION = HEP-PH 0603172;%%"
}

@Article{Campagne:2004wt,
     author    = "Campagne, Jean Eric and Cazes, Antoine",
     title     = "The theta(13) and delta(CP) sensitivities of the SPL-Frejus
                  project  revisited",
     journal   = "Eur. Phys. J.",
     volume    = "C45",
     year      = "2006",
     pages     = "643-657",
     eprint    = "hep-ex/0411062",
     SLACcitation  = "%%CITATION = HEP-EX 0411062;%%"
}

@Article{Mezzetto:2003mm,
     author    = "Mezzetto, Mauro",
     title     = "Physics potential of the SPL super beam",
     journal   = "J. Phys.",
     volume    = "G29",
     year      = "2003",
     pages     = "1781-1784",
     eprint    = "hep-ex/0302005",
     SLACcitation  = "%%CITATION = HEP-EX 0302005;%%"
}

@Article{Burguet-Castell:2005pa,
     author    = "Burguet-Castell, J. and Casper, D. and Couce, E. and
                  Gomez-Cadenas, J. J. and Hernandez, P.",
     title     = "Optimal beta-beam at the CERN-SPS",
     journal   = "Nucl. Phys.",
     volume    = "B725",
     year      = "2005",
     pages     = "306-326",
     eprint    = "hep-ph/0503021",
     SLACcitation  = "%%CITATION = HEP-PH 0503021;%%"
}

@Article{Huber:2006wb,
     author    = "Huber, P. and Lindner, M. and Rolinec, M. and Winter, W.",
     title     = "Optimization of a neutrino factory oscillation experiment",
     journal   = "Phys. Rev.",
     volume    = "D74",
     year      = "2006",
     pages     = "073003",
     eprint    = "hep-ph/0606119",
     SLACcitation  = "%%CITATION = HEP-PH 0606119;%%"
}

@Article{Ables:1995wq,
     author    = "Ables, E. and others",
 collaboration = "MINOS",
     title     = "P-875: A Long baseline neutrino oscillation experiment at
                  Fermilab",
     note     = "FERMILAB-PROPOSAL-0875"
}

@Article{Autiero:2003fu,
     author    = "Autiero, D. and others",
     title     = "The synergy of the golden and silver channels at the
                  Neutrino Factory",
     journal   = "Eur. Phys. J.",
     volume    = "C33",
     year      = "2004",
     pages     = "243-260",
     eprint    = "hep-ph/0305185",
     SLACcitation  = "%%CITATION = HEP-PH 0305185;%%"
}

@Article{Kopp:2006wp,
     author    = "Kopp, Joachim",
     title     = "Efficient numerical diagonalization of hermitian 3x3
                  matrices",
     year      = "2006",
     eprint    = "physics/0610206",
     SLACcitation  = "%%CITATION = PHYSICS 0610206;%%"
}

@Article{Dziewonski:1981xy,
     author    = "Dziewonski, A. M. and Anderson, D. L.",
     title     = "{Preliminary reference earth model}",
     journal   = "Phys. Earth Planet. Interiors",
     volume    = "25",
     year      = "1981",
     pages     = "297-356",
     SLACcitation  = "%%CITATION = PEPIA,25,297;%%"
} 